 @misc{allen2021, title={Best digital signage software in 2022}, url={https://www.techradar.com/uk/best/best-digital-signage-software}, journal={TechRadar}, publisher={TechRadar pro}, author={Allen, Kieron}, year={2021}, month={Oct}} 
 
  @misc{novisign, url={https://www.novisign.com/}, title={NoviSign Digital Signage}, journal={NoviSign Digital Signage}} 
  
  @INPROCEEDINGS{tokyo,

  author={Mishima, Kazuhiro and Sakurada, Takeshi and Hagiwara, Yoichi},

  booktitle={2017 14th IEEE Annual Consumer Communications   Networking Conference (CCNC)}, 

  title={Low-cost managed digital signage system with signage device using small-sized and low-cost information device}, 

  year={2017},

  volume={},

  number={},

  pages={573-575},

  doi={10.1109/CCNC.2017.7983172}}
  
  
  @INPROCEEDINGS{future,  author={Bauer, Christine and Dohmen, Paul and Strauss, Christine},  booktitle={2011 International Conference on Emerging Intelligent Data and Web Technologies},   title={Interactive Digital Signage - An Innovative Service and Its Future Strategies},   year={2011},  volume={},  number={},  pages={137-142},  doi={10.1109/EIDWT.2011.29}}

@article{HARRISON2004163,
title = {A virtual marketplace for advertising narrowcast over digital signage networks},
journal = {Electronic Commerce Research and Applications},
volume = {3},
number = {2},
pages = {163-175},
year = {2004},
issn = {1567-4223},
doi = {https://doi.org/10.1016/j.elerap.2004.02.004},
url = {https://www.sciencedirect.com/science/article/pii/S1567422304000109},
author = {John V Harrison and Anna Andrusiewicz},
keywords = {Electronic commerce, Multimedia, Collaboration, Information systems, Applications},
abstract = {Digital signage networks are a newly emerging form of electronic advertising technology that is rapidly growing in popularity but has received little attention in research literature. In this paper we motivate the cost reduction and increased effectiveness of advertising that is displayed and managed using digital signage networks as opposed to traditional signage. As an example, we describe a method for customizing advertising messages for particular demographics in different locations using dynamically configurable multimedia. We introduce a partially automated intermediary, namely the Digital Signage Exchange, which enables the formation of a virtual marketplace for display time on the digital signage network and facilitates collaboration between buyers and sellers. We present a concise representation for a customer's order for display time on the digital signage network and an informal business transaction management model for the exchange. This model includes support for advance bulk purchase of blocks of display time. The model also provides information to enable a counter-offer to be made to the customer when an order cannot be completely fulfilled as requested.}
}

@article{arsan2014design,
  title={Design and implementation of remotely managed embedded digital signage system},
  author={Arsan, Taner and Parkan, Alp and Konu, Hakki},
  journal={International Journal of Computer Science, Engineering and Applications},
  volume={4},
  number={3},
  pages={1},
  year={2014},
  publisher={Citeseer}
}

@inproceedings{bandung2015design,
  title={Design and implementation of digital signage system based on Raspberry Pi 2 for e-tourism in Indonesia},
  author={Bandung, Yoanes and Hendra, Yonathan F and Subekti, Luki Bangun},
  booktitle={2015 International Conference on Information Technology Systems and Innovation (ICITSI)},
  pages={1--6},
  year={2015},
  organization={IEEE}
}

@inproceedings{mishima2016cost,
  title={Cost effective digital signage system using low cost information device},
  author={Mishima, Kazuhiro and Sakurada, Takeshi and Hagiwara, Yoichi},
  booktitle={2016 13th IEEE Annual Consumer Communications \& Networking Conference (CCNC)},
  pages={266--267},
  year={2016},
  organization={IEEE}
}


@article{alase2017iot,
  title={IoT based digital signage board using Raspberry Pi 3},
  author={Alase, Swapnil and Chinchur, Vaibhavi},
  journal={International Research Journal of Engineering and Technology},
  volume={4},
  number={05},
  pages={310--313},
  year={2017}
}

 @misc{elinux, title={RPI distributions}, url={https://elinux.org/RPi_Distributions}, journal={eLinux.org}, author={eLinux contributors}} 


 @misc{typescript, title={Documentation - typescript for JavaScript programmers}, url={https://www.typescriptlang.org/docs/handbook/typescript-in-5-minutes.html}, journal={TypeScript}} 
 
 
  @book{cherny_2019, place={Sebastopol, CA}, title={Programming typescript: Making your javascript applications scale}, publisher={O'Reilly}, author={Cherny, Boris}, year={2019}} 
  
   @misc{postman, title={ Postman API Platform}, url={https://www.postman.com/}, journal={Postman}} 
   
 @misc{mozilla, title={Web video codec guide - web media technologies: MDN}, url={https://developer.mozilla.org/en-US/docs/Web/Media/Formats/Video_codecs}, journal={Web media technologies }, publisher={Mozilla Developer Network}} 
 
  @misc{visart, title={Consultation with visual artist 路 Github Andrewfriendtech/MediaSync}, url={https://github.com/AndrewFriendTech/MediaSync/blob/main/docs/consultations/10-12-21-visual-artist.MD}, journal={GitHub}, author={AndrewFriendTech}} 
  
  
   @misc{lafitte_2022, title={What is digital signage?: The most accurate definition}, url={https://www.intuiface.com/blog/what-is-digital-signage}, journal={RSS}, publisher={Intuiface}, author={Lafitte, Bomee}, year={2022}, month={Jan}} 
   
   
    @misc{design_github, title={MediaSync/Main/designer 路 Andrewfriendtech/MediaSync}, url={https://github.com/AndrewFriendTech/MediaSync/tree/main/main/designer}, journal={GitHub}, author={Friend, Andrew}} 

 @misc{server_github, title={MediaSync/main/server 路 AndrewFriendTech/MediaSync}, url={https://github.com/AndrewFriendTech/MediaSync/tree/main/main/server}, journal={GitHub}, author={Friend, Andrew}} 
 
 
  @misc{bson, title={BSON}, url={https://en.wikipedia.org/wiki/BSON}, journal={Wikipedia}, publisher={Wikimedia Foundation}, year={2021}, month={Dec}} 
  
   @misc{designer_index.html, title={MediaSync/index.html 路 Andrewfriendtech/MediaSync}, url={https://github.com/AndrewFriendTech/MediaSync/blob/main/main/designer/index.html}, journal={GitHub}, author={Friend, Andrew}} 
   
   @INPROCEEDINGS{shadow_dom,
   author={Oh, Jaewon and Ahn, Woo Hyun and Kim, Taegong},

  booktitle={2017 8th IEEE International Conference on Software Engineering and Service Science (ICSESS)}, 

  title={Web app restructuring based on shadow DOMs to improve maintainability}, 

  year={2017},

  volume={},

  number={},

  pages={118-122},

  doi={10.1109/ICSESS.2017.8342877}}


 @misc{ecmascript, url={http://archives.ecma-international.org/2015/misc/ecma-262_6th_edition_final_draft_-04-14-15-markup.pdf}, publisher={Ecma International}} 
 
  @misc{es6_support, title={"ES6": Can I use... support tables for HTML5, CSS3, etc}, url={https://caniuse.com/?search=es6}, journal={"es6" | Can I use... Support tables for HTML5, CSS3, etc}} 
  
   @misc{palmer_2009, title={Tech know: Programming, Meet Music}, url={http://news.bbc.co.uk/1/hi/technology/8221235.stm}, journal={BBC News}, publisher={BBC}, author={Palmer, Jason}, year={2009}, month={Aug}} 
   
    @misc{friend_2021, title={Video wall progress}, url={https://medialobotomy.co.uk/2021/08/video-wall-progress/}, journal={Media lobotomy}, author={Friend, Peter}, year={2021}, month={Aug}} 
